<record><leader>00000cas a22000007a 4500</leader><controlfield tag="001">19913237</controlfield><controlfield tag="008">890622d19031913mauwr ne      0    0eng d</controlfield><datafield ind1=" " ind2=" " tag="010"><subfield code="a">sn 89062044 </subfield></datafield><datafield ind1=" " ind2=" " tag="040"><subfield code="a">MGN</subfield><subfield code="b">eng</subfield><subfield code="c">MGN</subfield><subfield code="d">OCLCQ</subfield></datafield><datafield ind1=" " ind2=" " tag="042"><subfield code="a">msc</subfield></datafield><datafield ind1="0" ind2="4" tag="245"><subfield code="a">The Brookline press.</subfield></datafield><datafield ind1=" " ind2=" " tag="260"><subfield code="a">Brookline, Mass. :</subfield><subfield code="b">Brookline Press Co.</subfield></datafield><datafield ind1=" " ind2=" " tag="300"><subfield code="a">v.</subfield></datafield><datafield ind1=" " ind2=" " tag="310"><subfield code="a">Weekly</subfield></datafield><datafield ind1="0" ind2=" " tag="362"><subfield code="a">Vol. 1, no. 1 (Nov. 14, 1903)-v. 10, no. 16 (Feb. 22, 1913).</subfield></datafield><datafield ind1=" " ind2=" " tag="752"><subfield code="a">United States</subfield><subfield code="b">Massachusetts</subfield><subfield code="c">Norfolk</subfield><subfield code="d">Brookline.</subfield></datafield><datafield ind1="0" ind2="0" tag="785"><subfield code="t">Brookline townsman</subfield><subfield code="w">(DLC)sn 89062045</subfield></datafield></record>